%%%%%%%% SVM References %%%%%%%%

@article{hofmann2008kernel,
  title={Kernel methods in machine learning},
  author={Hofmann, Thomas and Sch{\"o}lkopf, Bernhard and Smola, Alexander J},
  journal={The annals of statistics},
  pages={1171--1220},
  year={2008},
  publisher={JSTOR}
}

@Misc{ray2017svm,
  title={Understanding Support Vector Machine algorithm from examples (along with code)},
  author={Sunil Ray},
  howpublished="https://www.analyticsvidhya.com/blog/2017/09/understaing-support-vector-machine-example-code/",
  year="2017 (accessed November 17, 2018)",
}

@Misc{svm, 
	author="Savan Patel",
	title="Chapter 2 : SVM Support Vector Machine Theory",
	howpublished="https://medium.com/machine-learning-101/chapter-2-svm-support-vector-machine-theory-f0812effc72",
	month=may,
	year"2017 (accessed November 17, 2018)",
}

